@Patent{patent_cadeira_rodas_eletrica,
  Title                    = {Folding wheel chair},
  Nationality              = {US},
  Number                   = {2095411},
  Year                     = {1937},
  Yearfiled                = {---},
  Author                   = {Herbert A Everest And Harry C Jennings},

  Owner                    = {cotrim},
  Timestamp                = {2015.09.09}
}

@Article{artigo_controle_cadeira_eletrica,
  Title                    = {SISTEMA DE CONTROLE E MOTORIZAÇÃO DE CADEIRA DE RODAS},
  Author                   = {ARLEI BARCELOS And JOSÉ NEWTON COELHO GONÇALVES And  MAXSUEL FLORES And WARLLEM BARBOSA},
  Journal                  = {Associação Educacional Dom Bosco},
  Year                     = {2008},

  Owner                    = {cotrim},
  Timestamp                = {2015.09.09}
}

@Book{livro_creating_games,
  Title                    = {Creating Games: Mechanics, Content, and Technology,},
  Author                   = {Morgan McGuire And Odest Chadwicke Jenkins},
  Editor                   = {A K Peters, Ltd.},
  Publisher                = {A K Peters, Ltd.},
  Year                     = {2009},

  Owner                    = {cotrim},
  Timestamp                = {2015.09.09}
}

@Misc{relatorio_sus,
  Title                    = {Relatório número 50 PROCEDIMENTO CADEIRA DE RODAS MOTORIZADA NA TABELA DE ÓRTESES, PRÓTESES E MATERIAIS ESPECIAIS NÃO RELACIONADOS AO ATO CIRÚRGICO DO SUS},
  Author                   = {Comissão Nacional de Incorporação de Tecnologias no SUS CONITEC},
  Year                     = {8 de maio de 2013},
  Note						= {Acessado em 7 de Setembro de 2015 },
  Owner                    = {cotrim},
  Timestamp                = {2015.05.01},
  Url 							= {http://conitec.gov.br/images/Incorporados/CadeiradeRodasMotorizada-final.pdf }
}

@Misc{rasp_foundation,
Title                    = {Raspeberry Pi Foundation},
Year                     = {2015},
Note						          = {Acessado em 11 de Setembro de 2015 },
Owner                    = {cotrim},
Timestamp                = {2015.05.01},
Url 							= {https://www.raspberrypi.org }
}

@Misc{censo_ibge,
  Title                    = {Censo demográfico},

  Author                   = {IBGE},
  Note                     = {Acessado em 7 de Setembro de 2015},
  Year                     = {2010},

  Owner                    = {cotrim},
  Timestamp                = {2015.05.01},
  Url  						= {http://biblioteca.ibge.gov.br/visualizacao/periodicos/94/cd_2010_religiao_deficiencia.pdf}
}

@Article{artigo_joystick_controller,
  Title                    = {Joystick Control for Powered Mobility: Current State of Technology and Future Directions},
  Author                   = {Brad E. Dicianno And  Rory A. Cooper And Others},
  Journal                  = {National Library of Medicine},
  Year                     = {2010},

  Owner                    = {cotrim},
  Timestamp                = {2015.09.09}
}

@Article{article_smartphone,
  Title                    = {Smartphone vs. feature phone arms race heats up; which did you buy?},
  Author                   = {Andrew Nusca},
  Journal                  = {ZDNet},
  Year                     = {2009},

  Owner                    = {cotrim},
  Timestamp                = {2015.09.09}
}

@Manual{nbr9050,
  Title                    = {NBR 9050: Acessibilidade e edificações, mobiliário, espaços e equipamentos urbanos},
  Author                   = {ASSOCIAÇÃO BRASILEIRA DE NORMAS TÉCNICAS - ABNT},
  Organization             = {ABNT},
  Year                     = {2004},
  Pages					   = {47},

  Owner                    = {cotrim},
  Timestamp                = {2015.09.09}
}

@Booklet{projeto_cadeira_rodas_inteligente,
  Title                    = {PROJETO E CONTROLE DE UMA CADEIRA DE RODAS AUTOMATIZADA INTELIGENTE COM SENSORES DE ULTRASSOM},
  Author                   = {Marco Antonio MEGGIOLARO And Igor Tavares Girsas},
  Year                     = {2011},

  Owner                    = {cotrim},
  Timestamp                = {2015.09.09}
}

@Manual{manual_bateria_unipower,
  Title                    = {Projeto e Desenvolvimento de circuito de controle para cadeira de rodas},
  Author                   = {Marcos  Henrique Mamoru Otsuka HAMANAKA And José Antonio Siqueira DIAS},
  Year                     = {2002},

  Owner                    = {cotrim},
  Timestamp                = {2015.09.09},
  Url                      = {https://www.robocore.net/upload/ManualTecnicoBateriaUnipower.pdf}
}

@Article{artigo_rudi,
  Title                    = {DESENVOLVIMENTO DE KIT PARA AUTOMAÇÃO DE CADEIRA DE RODAS CONVENCIONAL},
  Author                   = {Walter de B. Vidal Filho And Rafael Avila And Carlos H. Llanos Quinteros And Rudi Van Els And Guilherme Queiroga},
  Journal                  = {VI CONGRESSO NACIONAL DE ENGENHARIA MECÂNICA},
  Year                     = {2010},

  Owner                    = {cotrim},
  Timestamp                = {2015.09.09}
}

@Article{brunel:wheelchair:2004,
  Title                    = {Wheelchair Drive},
  Author                   = {Dan Lockton},
  Year                     = {2004},
  Owner                    = {duerno},
  Timestamp                = {2015.09.11},
  Url                      = {http://www.danlockton.co.uk/transport/mobility/Brunel_Wheelchair_Drive_public.pdf}
}

@Article{joseph:puttingthewhee:2012,
  Title                    = {Putting the ‘Whee!’ Back in ‘Wheelchair’},
  Author                   = {Joseph Flaherty},
  Year                     = {2012},
  Owner                    = {duerno},
  Timestamp                = {2015.09.11}
}

@Article{maggie:whoinvented:2012,
  Title                    = {Who Invented the Wheelchair?},
  Author                   = {Maggie Koerth-Baker and Mental Floss Inc.},
  Year                     = {2012},
  Owner                    = {duerno},
  Timestamp                = {2015.09.11}
}

@Booklet{ibge:cartilha:2010,
  Title                    = {Cartilha do Censo 2010 - Pessoas com Deficiência},
  Author                   = {Secretaria de Direitos Humanos da Presidência da República (SDH/PR), Secretaria Nacional de Promoção dos Direitos da Pessoa com Deficiência (SNPD) e Coordenação Geral do Sistema de Informações sobre a Pessoa com Deficiência},
  Year                     = {2012},

  Owner                    = {duerno},
  Timestamp                = {2015.09.11},
  Url					   = {http://www.pessoacomdeficiencia.gov.br/app/sites/default/files/publicacoes/cartilha-censo-2010-pessoas-com-deficienciareduzido.pdf}
}

@Article{marcos:controle:2002,
  Title                    = {Projeto e Desenvolvimento de Circuito de Controle para Cadeira de Rodas},
  Author                   = {Marcos Henrique Mamoru Otsuka Hamanaka},
  Journal                  = {Dissertação de Mestrado, UNICAMP},
  Year                     = {2002},

  Owner                    = {duerno},
  Timestamp                = {2015.09.11}
}

@Site{inmetro,
  Title                    = {INMETRO, Instituto Nacional de Metrologia, Qualidade e Tecnologia},
  Author                   = {disponível em: http://www.inmetro.gov.br/},
  Year                     = {2015},

  Owner                    = {duerno},
  Timestamp                = {2015.09.11}
}

@Site{bluetooth,
  Title                    = {2015 Bluetooth SIG, Inc.},
  Author                   = {disponível em: http://www.bluetooth.com/Pages/Bluetooth-Home.aspx},
  Year                     = {2015},

  Owner                    = {duerno},
  Timestamp                = {2015.09.11}
}
